@book{duran,
  Author = {Jacques Duran},
  Title = {Sands, Powders, and Grains: An Introduction to the Physics of Granular Materials (Partially Ordered Systems)},
  Publisher = {Springer},
  Year = {1999},
  ISBN = {0387986561}
}

@booklet{FEM,
  Author       = {Julia Mergheim}, 
  Title        = {Lecture notes NonLinear Finite Element},
  Note         = {LTM, FAU Erlangen}
}

@book{landau,
  Author = {L. D. Landau and E. M. Lifshitz},
  Title = {Theory of Elasticity}
}
